<record><leader>00000cas a2200000 a 4500</leader><controlfield tag="001">640148963</controlfield><controlfield tag="008">100611d19721976iluwr ne      0   a0eng c</controlfield><datafield ind1=" " ind2=" " tag="010"><subfield code="a">  2010271273</subfield></datafield><datafield ind1=" " ind2=" " tag="040"><subfield code="a">NVF</subfield><subfield code="b">eng</subfield><subfield code="c">NVF</subfield><subfield code="d">NVF</subfield><subfield code="d">OCLCQ</subfield><subfield code="d">OCLCO</subfield><subfield code="d">OCLCA</subfield><subfield code="d">OCLCF</subfield><subfield code="d">NVF</subfield><subfield code="d">OCLCO</subfield><subfield code="d">OCL</subfield></datafield><datafield ind1=" " ind2=" " tag="042"><subfield code="a">pcc</subfield></datafield><datafield ind1=" " ind2=" " tag="043"><subfield code="a">n-us-il</subfield></datafield><datafield ind1="0" ind2=" " tag="130"><subfield code="a">Restoration reporter (Nauvoo, Ill.)</subfield></datafield><datafield ind1="1" ind2="0" tag="245"><subfield code="a">Restoration reporter.</subfield></datafield><datafield ind1="1" ind2="7" tag="246"><subfield code="a">New Nauvoo neighbor</subfield></datafield><datafield ind1=" " ind2=" " tag="260"><subfield code="a">Nauvoo, Ill. :</subfield><subfield code="b">New Nauvoo Neighbor Press</subfield></datafield><datafield ind1=" " ind2=" " tag="300"><subfield code="a">v.</subfield></datafield><datafield ind1=" " ind2=" " tag="310"><subfield code="a">Weekly</subfield></datafield><datafield ind1="1" ind2=" " tag="362"><subfield code="a">Began in 1972?</subfield></datafield><datafield ind1="0" ind2=" " tag="362"><subfield code="a">-v. 5, no. 6 (Feb. 5, 1976).</subfield></datafield><datafield ind1=" " ind2=" " tag="500"><subfield code="a">"Including Mormon Miscellaneous."</subfield></datafield><datafield ind1=" " ind2=" " tag="500"><subfield code="a">Editor: David C. Martin.</subfield></datafield><datafield ind1=" " ind2=" " tag="588"><subfield code="a">Description based on: Vol. 4, no. 6 (Dec. 11, 1975).</subfield></datafield><datafield ind1=" " ind2="0" tag="650"><subfield code="a">Mormons</subfield><subfield code="z">Illinois</subfield><subfield code="z">Nauvoo</subfield><subfield code="v">Newspapers.</subfield></datafield><datafield ind1=" " ind2="0" tag="650"><subfield code="a">Mormon press</subfield><subfield code="z">Illinois</subfield><subfield code="z">Nauvoo</subfield><subfield code="v">Newspapers.</subfield></datafield><datafield ind1=" " ind2="0" tag="651"><subfield code="a">Nauvoo (Ill.)</subfield><subfield code="v">Newspapers.</subfield></datafield><datafield ind1=" " ind2="7" tag="650"><subfield code="a">Mormons.</subfield><subfield code="2">fast</subfield><subfield code="0">(OCoLC)fst01026314</subfield></datafield><datafield ind1=" " ind2="7" tag="650"><subfield code="a">Mormon press.</subfield><subfield code="2">fast</subfield><subfield code="0">(OCoLC)fst01026297</subfield></datafield><datafield ind1=" " ind2="7" tag="651"><subfield code="a">Illinois</subfield><subfield code="z">Nauvoo.</subfield><subfield code="2">fast</subfield><subfield code="0">(OCoLC)fst01210253</subfield></datafield><datafield ind1=" " ind2="7" tag="655"><subfield code="a">Newspapers.</subfield><subfield code="2">fast</subfield><subfield code="0">(OCoLC)fst01423814</subfield></datafield><datafield ind1="1" ind2=" " tag="700"><subfield code="a">Martin, David C.</subfield><subfield code="q">(David Chancellor),</subfield><subfield code="d">1939-1992.</subfield></datafield><datafield ind1=" " ind2=" " tag="752"><subfield code="a">United States</subfield><subfield code="b">Illinois</subfield><subfield code="c">Hancock County</subfield><subfield code="d">Nauvoo.</subfield></datafield><datafield ind1="0" ind2="4" tag="785"><subfield code="t">Nauvoo neighbor (Nauvoo, Ill. : 1975)</subfield><subfield code="w">(DLC)sn 93055563</subfield><subfield code="w">(OCoLC)27870502</subfield></datafield></record>